@book{may1999concise,
  title={A concise course in algebraic topology},
  author={May, J Peter},
  year={1999},
  publisher={University of Chicago press}
}

@book{strata,
title={Stable Mappings and Their Singularities}, 
author={Golubitsky, Martin; Guillemin, Victor},
year={1973},
publisher={Graduate Texts in Mathematics}
}

@book{milnor2016morse,
  title={Morse Theory.(AM-51)},
  author={Milnor, John},
  volume={51},
  year={2016},
  publisher={Princeton university press}
}